@article{akhavan2017markov,
  title={A {Markov} decision process model for cervical cancer screening policies in {Colombia}},
  author={Akhavan-Tabatabaei, Raha and S{\'a}nchez, Diana Marcela and Yeung, Thomas G},
  journal={Medical Decision Making},
  volume={37},
  number={2},
  pages={196--211},
  year={2017},
  publisher={SAGE Publications}
}

@article{ayer2012or,
  title={A {POMDP} approach to personalize mammography screening decisions},
  author={Ayer, Turgay and Alagoz, Oguzhan and Stout, Natasha K},
  journal={Operations Research},
  volume={60},
  number={5},
  pages={1019--1034},
  year={2012},
  publisher={INFORMS}
}

@article{bebu2017OptimalScreening,
  title={Optimal screening schedules for disease progression with application to diabetic retinopathy},
  author={Bebu, Ionut and Lachin, John M},
  journal={Biostatistics},
  volume={19},
  number={1},
  pages={1--13},
  year={2018},
  publisher={Oxford University Press}
}


@book{bergerDecisionTheory,
title={Statistical Decision Theory and Bayesian Analysis},
author={Berger, James O},
year={1985},
isbn = {9781475742862},
publisher={Springer Science \& Business Media}
}

@article{bokhorst2015compliance,
title={Compliance rates with the {Prostate Cancer Research International Active Surveillance (PRIAS)} protocol and disease reclassification in noncompliers},
author={Bokhorst, Leonard P and Alberts, Arnout R and Rannikko, Antti and Valdagni, Riccardo and Pickles, Tom and Kakehi, Yoshiyuki and Bangma, Chris H and Roobol, Monique J and {\relax PRIAS study group}},
journal={European Urology},
volume={68},
number={5},
pages={814--821},
year={2015},
publisher={Elsevier}
}


@article{brown2009assessing,
title={Assessing the association between trends in a biomarker and risk of event with an application in pediatric {HIV/AIDS}},
author={Brown, Elizabeth R.},
journal={The Annals of Applied Statistics},
volume={3},
number={3},
pages={1163--1182},
year={2009},
publisher={Institute of Mathematical Statistics}
}

@article{coley2017,
title = {Prediction of the Pathologic {Gleason} Score to Inform a Personalized Management Program for Prostate Cancer},
journal = {European Urology},
volume = {72},
number = {1},
pages = {135--141},
year = {2017},
author = {Coley, Rebecca Yates and Zeger, Scott L and Mufaddal Mamawala and Pienta, Kenneth J and Carter, Herbert Ballentine}
}

@article{cook1994equivalence,
title={On the equivalence of constrained and compound optimal designs},
author={Cook, R. Dennis and Wong, Weng K.},
journal={Journal of the American Statistical Association},
volume={89},
number={426},
pages={687--692},
year={1994},
publisher={Taylor \& Francis Group}
}

@article{drizopoulosPersScreening,
author = {Rizopoulos, Dimitris and Taylor, Jeremy M. G. and Van Rosmalen, Joost and Steyerberg, Ewout W. and Takkenberg, Johanna J. M.},
title = {Personalized screening intervals for biomarkers using joint models for longitudinal and survival data},
journal = {Biostatistics},
volume = {17},
number = {1},
pages = {149--164},
year = {2016},
publisher={Oxford University Press}
}

@article{eilers1996flexible,
title={Flexible smoothing with {B-splines} and penalties},
author={Eilers, Paul HC and Marx, Brian D},
journal={Statistical Science},
pages={89--121},
year={1996},
volume={11},
number={2},
publisher={Institute of Mathematical Statistics}
}

@article{erenay2014optimizing,
  title={Optimizing colonoscopy screening for colorectal cancer prevention and surveillance},
  author={Erenay, Fatih Safa and Alagoz, Oguzhan and Said, Adnan},
  journal={Manufacturing \& Service Operations Management},
  volume={16},
  number={3},
  pages={381--400},
  year={2014},
  publisher={INFORMS}
}

@article{gentleman1994maximum,
  title={Maximum likelihood for interval censored data: {Consistency} and computation},
  author={Gentleman, Robert and Geyer, Charles J},
  journal={Biometrika},
  volume={81},
  number={3},
  pages={618--623},
  year={1994},
  publisher={Oxford University Press}
}

@article{Gleason_interobs_var,
title={Accuracy of biopsy {Gleason} scores from a large uropathology laboratory: use of a diagnostic protocol to minimize observer variability},
author={Carlson, Grant D. and Calvanese, Christina B. and Kahane, Hillel and Epstein, Jonathan I.},
journal={Urology},
volume={51},
number={4},
pages={525--529},
year={1998},
publisher={Elsevier}
}

@article{GlobalCancerStats2012,
title={Global cancer statistics, 2012},
author={Torre, Lindsey A and Bray, Freddie and Siegel, Rebecca L and Ferlay, Jacques and Lortet-Tieulent, Joannie and Jemal, Ahmedin},
journal={CA: A Cancer Journal for Clinicians},
volume={65},
number={2},
pages={87--108},
year={2015},
publisher={Wiley}
}

@article {landmarking2017,
  title={Dynamic predictions with time-dependent covariates in survival analysis using joint modeling and landmarking},
  author={Rizopoulos, Dimitris and Molenberghs, Geert and Lesaffre, Emmanuel MEH},
  journal={Biometrical Journal},
  volume={59},
  number={6},
  pages={1261--1276},
  year={2017},
  publisher={Wiley Online Library}
}

@article{lauter1976optimal,
title={Optimal multipurpose designs for regression models},
author={L{\"a}uter, E.},
journal={Mathematische Operationsforschung und Statistik},
volume={7},
number={1},
pages={51--68},
year={1976},
publisher={Taylor \& Francis}
}

@article{lin2000latent,
  title={A latent class mixed model for analysing biomarker trajectories with irregularly scheduled observations},
  author={Lin, Haiqun and McCulloch, Charles E and Turnbull, Bruce W and Slate, Elizabeth H and Clark, Larry C},
  journal={Statistics in Medicine},
  volume={19},
  number={10},
  pages={1303--1318},
  year={2000},
  publisher={Wiley Online Library}
}

@article{loeb2013systematic,
title={Systematic review of complications of prostate biopsy},
author={Loeb, Stacy and Vellekoop, Annelies and Ahmed, Hashim U and Catto, James and Emberton, Mark and Nam, Robert and Rosario, Derek J and Scattoni, Vincenzo and Lotan, Yair},
journal={European Urology},
volume={64},
number={6},
pages={876--892},
year={2013},
publisher={Elsevier}
}

@article{lopez2014optimalcutpoints,
title={{OptimalCutpoints: an R package for selecting optimal cutpoints in diagnostic tests}},
author={L{\'o}pez-Rat{\'o}n, M{\'o}nica and Rodr{\'\i}guez-{\'A}lvarez, Mar{\'\i}a Xos{\'e} and Cadarso-Su{\'a}rez, Carmen and Gude-Sampedro, Francisco},
journal={Journal of Statistical Software},
volume={61},
number={8},
pages={1--36},
year={2014},
publisher={Foundation for Open Access Statistics}
}

@article{pearson1994mixed,
  title={Mixed-effects regression models for studying the natural history of prostate disease},
  author={Pearson, Jay D and Morrell, Christopher H and Landis, Patricia K and Carter, H Ballentine and Brant, Larry J},
  journal={Statistics in Medicine},
  volume={13},
  number={5-7},
  pages={587--601},
  year={1994},
  publisher={Wiley Online Library}
}

@article{potoskyPSAcancer,
author = {Potosky, Arnold L and Miller, Barry A and Albertsen, Peter C and Kramer, Barnett S},
title = {The role of increasing detection in the rising incidence of prostate cancer},
journal = {JAMA},
volume = {273},
number = {7},
pages = {548-552},
year = {1995},
publisher={American Medical Association}
}

@article{rizopoulos2011dynamic,
title={Dynamic Predictions and Prospective Accuracy in Joint Models for Longitudinal and Time-to-Event Data},
author={Rizopoulos, Dimitris},
journal={Biometrics},
volume={67},
number={3},
pages={819--829},
year={2011},
publisher={Wiley}
}

@book{rizopoulos2012joint,
title={Joint Models for Longitudinal and Time-to-Event Data: With Applications in R},
author={Rizopoulos, Dimitris},
year={2012},
publisher={CRC Press},
isbn = {9781439872864}
}

@article{rizopoulos2014bma,
title={Combining Dynamic Predictions From Joint Models for Longitudinal and Time-to-Event Data Using {Bayesian} Model Averaging},
author={Rizopoulos, Dimitris and Hatfield, Laura A. and Carlin, Bradley P. and Takkenberg, Johanna J.M.},
journal={Journal of the American Statistical Association},
volume={109},
number={508},
pages={1385--1397},
year={2014},
publisher={Taylor \& Francis}
}

@article{rizopoulosJMbayes,
author = {Dimitris Rizopoulos},
title = {The {R} Package {JMbayes} for Fitting Joint Models for Longitudinal and Time-to-Event Data Using {MCMC}},
journal = {Journal of Statistical Software},
volume = {72},
number = {7},
year = {2016},
issn = {1548-7660},
pages = {1--46},
publisher={Foundation for Open Access Statistics}
}

@book{robertBayesianChoice,
title={The {Bayesian} choice: from decision-theoretic foundations to computational implementation},
author={Robert, Christian},
year={2007},
isbn = {9780387715995},
publisher={Springer Science \& Business Media}
}

@article{taylor2013real,
title={Real-time individual predictions of prostate cancer recurrence using joint models},
author={Taylor, Jeremy M.G. and Park, Yongseok and Ankerst, Donna P. and Proust-Lima, Cecile and Williams, Scott and Kestin, Larry and Bae, Kyoungwha and Pickles, Tom and Sandler, Howard},
journal={Biometrics},
volume={69},
number={1},
pages={206--213},
year={2013},
publisher={Wiley}
}

@article{tosoian2011active,
title={Active surveillance program for prostate cancer: an update of the {Johns Hopkins} experience},
author={Tosoian, Jeffrey J and Trock, Bruce J and Landis, Patricia and Feng, Zhaoyong and Epstein, Jonathan I and Partin, Alan W and Walsh, Patrick C and Carter, H Ballentine},
journal={Journal of Clinical Oncology},
volume={29},
number={16},
pages={2185--2190},
year={2011},
publisher={American Society of Clinical Oncology}
}

@article{tsiatis2004joint,
title={Joint modeling of longitudinal and time-to-event data: an overview},
author={Tsiatis, Anastasios A and Davidian, Marie},
journal={Statistica Sinica},
volume={14},
number={3},
pages={809--834},
year={2004},
publisher={Institute of Statistical Science, Academia Sinica}
}

@article{vickers2006decision,
  title={Decision curve analysis: a novel method for evaluating prediction models},
  author={Vickers, Andrew J and Elkin, Elena B},
  journal={Medical Decision Making},
  volume={26},
  number={6},
  pages={565--574},
  year={2006},
  publisher={Sage Publications Sage CA: Thousand Oaks, CA}
}

@article{welty2015extended,
title={Extended followup and risk factors for disease reclassification in a large active surveillance cohort for localized prostate cancer},
author={Welty, Christopher J and Cowan, Janet E and Nguyen, Hao and Shinohara, Katsuto and Perez, Nannette and Greene, Kirsten L and Chan, June M and Meng, Maxwell V and Simko, Jeffry P and Cooperberg, Matthew R and Carroll, Peter R},
journal={The Journal of Urology},
volume={193},
number={3},
pages={807--811},
year={2015},
publisher={Elsevier}
}

@article{zhang2012optimization,
  title={Optimization of prostate biopsy referral decisions},
  author={Zhang, Jingyu and Denton, Brian T and Balasubramanian, Hari and Shah, Nilay D and Inman, Brant A},
  journal={Manufacturing \& Service Operations Management},
  volume={14},
  number={4},
  pages={529--547},
  year={2012},
  publisher={INFORMS}
}