@article{ankerst2015precision,
  title={Precision medicine in active surveillance for prostate cancer: development of the canary--early detection research network active surveillance biopsy risk calculator},
  author={Ankerst, Donna P and Xia, Jing and Thompson Jr, Ian M and Hoefler, Josef and Newcomb, Lisa F and Brooks, James D and Carroll, Peter R and Ellis, William J and Gleave, Martin E and Lance, Raymond S and others},
  journal={European Urology},
  volume={68},
  number={6},
  pages={1083--1088},
  year={2015},
  publisher={Elsevier}
}

@article{balasubramanian2003estimation,
  title={Estimation of a failure time distribution based on imperfect diagnostic tests},
  author={Balasubramanian, Raji and Lagakos, Stephen W},
  journal={Biometrika},
  volume={90},
  number={1},
  pages={171--182},
  year={2003},
  publisher={Oxford University Press}
}

@article{bokhorst2015compliance,
title={Compliance rates with the {Prostate Cancer Research International Active Surveillance ({PRIAS})} protocol and disease reclassification in noncompliers},
author={Bokhorst, Leonard P and Alberts, Arnout R and Rannikko, Antti and Valdagni, Riccardo and Pickles, Tom and Kakehi, Yoshiyuki and Bangma, Chris H and Roobol, Monique J and {\relax {PRIAS} study group}},
journal={European Urology},
volume={68},
number={5},
pages={814--821},
year={2015},
publisher={Elsevier}
}

@article{bratt2013study,
  title={The Study of Active Monitoring in {Sweden (SAMS)}: a randomized study comparing two different follow-up schedules for active surveillance of low-risk prostate cancer},
  author={Bratt, Ola and Carlsson, Stefan and Holmberg, Erik and Holmberg, Lars and Johansson, Eva and Josefsson, Andreas and Nilsson, Annika and Nyberg, Maria and Robinsson, David and Sandberg, Jonas and others},
  journal={Scandinavian Journal of Urology},
  volume={47},
  number={5},
  pages={347--355},
  year={2013},
  publisher={Taylor \& Francis}
}

@article{briganti2018active,
  title={Active surveillance for low-risk prostate cancer: the {European Association of Urology} position in 2018},
  author={Briganti, Alberto and Fossati, Nicola and Catto, James WF and Cornford, Philip and Montorsi, Francesco and Mottet, Nicolas and Wirth, Manfred and Van Poppel, Hendrik},
  journal={European Urology},
  volume={74},
  number={3},
  pages={357--368},
  year={2018},
  publisher={Elsevier}
}

@article{bruinsma2017expert,
  title={Expert consensus document: semantics in active surveillance for men with localized prostate cancer—results of a modified {Delphi} consensus procedure},
  author={Bruinsma, Sophie M and Roobol, Monique J and Carroll, Peter R and Klotz, Laurence and Pickles, Tom and Moore, Caroline M and Gnanapragasam, Vincent J and Villers, Arnauld and Rannikko, Antti and Valdagni, Riccardo and others},
  journal={Nature Reviews Urology},
  volume={14},
  number={5},
  pages={312},
  year={2017},
  publisher={Nature Publishing Group}
}

@article{bul2013active,
  title={Active surveillance for low-risk prostate cancer worldwide: the {PRIAS} study},
  author={Bul, Meelan and Zhu, Xiaoye and Valdagni, Riccardo and Pickles, Tom and Kakehi, Yoshiyuki and Rannikko, Antti and Bjartell, Anders and Van Der Schoot, Deric K and Cornel, Erik B and Conti, Giario N and others},
  journal={European Urology},
  volume={63},
  number={4},
  pages={597--603},
  year={2013},
  publisher={Elsevier}
}

@article{carvalho2017,
  title={When should active surveillance for prostate cancer stop if no progression is detected?},
  author={de Carvalho, Tiago M and Heijnsdijk, Eveline AM and de Koning, Harry J},
  journal={The Prostate},
  volume={77},
  number={9},
  pages={962--969},
  year={2017},
  publisher={Wiley Online Library}
}

@article{chesnut2019role,
  title={Role of Changes in Magnetic Resonance Imaging or Clinical Stage in Evaluation of Disease Progression for Men with Prostate Cancer on Active Surveillance},
  author={Chesnut, Gregory T and Vertosick, Emily A and Benfante, Nicole and Sjoberg, Daniel D and Fainberg, Jonathan and Lee, Taehyoung and Eastham, James and Laudone, Vincent and Scardino, Peter and Touijer, Karim and others},
  journal={European Urology},
  volume={77},
  number={4},
  pages={501--507},
  year={2020},
  publisher={Elsevier}
}

@article{coley2017prediction,
  title={Prediction of the pathologic {Gleason} score to inform a personalized management program for prostate cancer},
  author={Coley, R Yates and Zeger, Scott L and Mamawala, Mufaddal and Pienta, Kenneth J and Carter, H Ballentine},
  journal={European Urology},
  volume={72},
  number={1},
  pages={135--141},
  year={2017},
  publisher={Elsevier}
}

@article{cooperberg2018refined,
  title={Refined analysis of prostate-specific antigen kinetics to predict prostate cancer active surveillance outcomes},
  author={Cooperberg, Matthew R and Brooks, James D and Faino, Anna V and Newcomb, Lisa F and Kearns, James T and Carroll, Peter R and Dash, Atreya and Etzioni, Ruth and Fabrizio, Michael D and Gleave, Martin E and others},
  journal={European Urology},
  volume={74},
  number={2},
  pages={211--217},
  year={2018},
  publisher={Elsevier}
}

@book{de1978practical,
  title={A practical guide to splines},
  author={De Boor, Carl},
  volume={27},
  year={1978},
  publisher={Springer-Verlag New York}
}

@article{de2017estimating,
  title={Estimating the risks and benefits of active surveillance protocols for prostate cancer: a microsimulation study},
  author={de Carvalho, Tiago M and Heijnsdijk, Eveline AM and de Koning, Harry J},
  journal={BJU International},
  volume={119},
  number={4},
  pages={560--566},
  year={2017},
  publisher={Wiley Online Library}
}

@article{eilers1996flexible,
title={Flexible smoothing with {B-splines} and penalties},
author={Eilers, Paul HC and Marx, Brian D},
journal={Statistical Science},
pages={89--121},
year={1996},
volume={11},
number={2},
publisher={Institute of Mathematical Statistics}
}

@article{epsteinGG2014,
  title={The 2014 International Society of Urological Pathology ({ISUP}) consensus conference on {Gleason} grading of prostatic carcinoma},
  author={Epstein, Jonathan I and Egevad, Lars and Amin, Mahul B and Delahunt, Brett and Srigley, John R and Humphrey, Peter A},
  journal={The American Journal of Surgical Pathology},
  volume={40},
  number={2},
  pages={244--252},
  year={2016},
  publisher={Wolters Kluwer}
}

@article{gap3_2018,
  title={The {Movember} Foundation's {GAP3} cohort: a profile of the largest global prostate cancer active surveillance database to date},
  author={Bruinsma, Sophie M and Zhang, Liying and Roobol, Monique J and Bangma, Chris H and Steyerberg, Ewout W and Nieboer, Daan and Van Hemelrijck, Mieke and {Movember} Foundation's Global Action Plan Prostate Cancer Active Surveillance ({GAP3}) consortium and Trock, Bruce and Ehdaie, Behfar and others},
  journal={BJU International},
  volume={121},
  number={5},
  pages={737--744},
  year={2018},
  publisher={Wiley Online Library}
}

@article{gentleman1994maximum,
  title={Maximum likelihood for interval censored data: {Consistency} and computation},
  author={Gentleman, Robert and Geyer, Charles J},
  journal={Biometrika},
  volume={81},
  number={3},
  pages={618--623},
  year={1994},
  publisher={Oxford University Press}
}

@article{inoue2018comparative,
  title={Comparative analysis of biopsy upgrading in four prostate cancer active surveillance cohorts},
  author={Inoue, Lurdes YT and Lin, Daniel W and Newcomb, Lisa F and Leonardson, Amy S and Ankerst, Donna and Gulati, Roman and Carter, H Ballentine and Trock, Bruce J and Carroll, Peter R and Cooperberg, Matthew R and others},
  journal={Annals of Internal Medicine},
  volume={168},
  number={1},
  pages={1--9},
  year={2018},
  publisher={Am Coll Physicians}
}

@article{ito2003natural,
  title={Natural history of PSA increase with and without prostate cancer},
  author={Ito, Kazuto and Yamamoto, Takumi and Ohi, Masaru and Takechi, Hiroyuki and Kurokawa, Kohei and Suzuki, Kazuhiro and Yamanaka, Hidetoshi},
  journal={Urology},
  volume={62},
  number={1},
  pages={64--69},
  year={2003},
  publisher={Elsevier}
}

@article{kasivisvanathan2020magnetic,
  title={Magnetic Resonance Imaging Should Be Used in the Active Surveillance of Patients with Localised Prostate Cancer.},
  author={Kasivisvanathan, Veeru and Giganti, Francesco and Emberton, Mark and Moore, Caroline M},
  journal={European Urology},
  volume={77},
  number={3},
  pages={318--319},
  year={2020}
}

@article{laird1982random,
  title={Random-effects models for longitudinal data},
  author={Laird, Nan M and Ware, James H and others},
  journal={Biometrics},
  volume={38},
  number={4},
  pages={963--974},
  year={1982}
}

@article{lin2000latent,
  title={A latent class mixed model for analysing biomarker trajectories with irregularly scheduled observations},
  author={Lin, Haiqun and McCulloch, Charles E and Turnbull, Bruce W and Slate, Elizabeth H and Clark, Larry C},
  journal={Statistics in Medicine},
  volume={19},
  number={10},
  pages={1303--1318},
  year={2000},
  publisher={Wiley Online Library}
}

@article{loeb2013systematic,
  title={Systematic review of complications of prostate biopsy},
  author={Loeb, Stacy and Vellekoop, Annelies and Ahmed, Hashim U and Catto, James and Emberton, Mark and Nam, Robert and Rosario, Derek J and Scattoni, Vincenzo and Lotan, Yair},
  journal={European Urology},
  volume={64},
  number={6},
  pages={876--892},
  year={2013},
  publisher={Elsevier}
}

@article{loeb2014heterogeneity,
  title={Heterogeneity in active surveillance protocols worldwide},
  author={Loeb, Stacy and Carter, H Ballentine and Schwartz, Mark and Fagerlin, Angela and Braithwaite, R Scott and Lepor, Herbert},
  journal={Reviews in Urology},
  volume={16},
  number={4},
  pages={202--203},
  year={2014},
  publisher={MedReviews, LLC}
}

@article{makarov2007updated,
  title={Updated nomogram to predict pathologic stage of prostate cancer given prostate-specific antigen level, clinical stage, and biopsy {Gleason} score ({Partin} tables) based on cases from 2000 to 2005},
  author={Makarov, Danil V and Trock, Bruce J and Humphreys, Elizabeth B and Mangold, Leslie A and Walsh, Patrick C and Epstein, Jonathan I and Partin, Alan W},
  journal={Urology},
  volume={69},
  number={6},
  pages={1095--1101},
  year={2007},
  publisher={Elsevier}
}

@article{mottet2017eau,
  title={EAU-ESTRO-SIOG guidelines on prostate cancer. Part 1: screening, diagnosis, and local treatment with curative intent},
  author={Mottet, Nicolas and Bellmunt, Joaquim and Bolla, Michel and Briers, Erik and Cumberbatch, Marcus G and De Santis, Maria and Fossati, Nicola and Gross, Tobias and Henry, Ann M and Joniau, Steven and others},
  journal={European Urology},
  volume={71},
  number={4},
  pages={618--629},
  year={2017},
  publisher={Elsevier}
}

@article{nieboer2018active,
  title={Active surveillance: a review of risk-based, dynamic monitoring},
  author={Nieboer, Daan and Tomer, Anirudh and Rizopoulos, Dimitris and Roobol, Monique J and Steyerberg, Ewout W},
  journal={Translational Andrology and Urology},
  volume={7},
  number={1},
  pages={106--115},
  year={2018},
  publisher={AME Publications}
}

@article{nixon1997biological,
  title={Biological variation of prostate specific antigen levels in serum: an evaluation of day-to-day physiological fluctuations in a well-defined cohort of 24 patients},
  author={Nixon, Randy G and Wener, Mark H and Smith, Katie M and Parson, Robert E and Strobel, Susan A and Brawer, Michael K},
  journal={The Journal of Urology},
  volume={157},
  number={6},
  pages={2183--2190},
  year={1997},
  publisher={Elsevier}
}

@article{partin1993use,
  title={The use of prostate specific antigen, clinical stage and {Gleason} score to predict pathological stage in men with localized prostate cancer},
  author={Partin, Alan W and Yoo, John and Carter, H Ballentine and Pearson, Jay D and Chan, Daniel W and Epstein, Jonathan I and Walsh, Patrick C},
  journal={The Journal of Urology},
  volume={150},
  number={1},
  pages={110--114},
  year={1993},
  publisher={Elsevier}
}

@article{pearson1994mixed,
  title={Mixed-effects regression models for studying the natural history of prostate disease},
  author={Pearson, Jay D and Morrell, Christopher H and Landis, Patricia K and Carter, H Ballentine and Brant, Larry J},
  journal={Statistics in Medicine},
  volume={13},
  number={5-7},
  pages={587--601},
  year={1994},
  publisher={Wiley Online Library}
}

@book{rizopoulos2012joint,
title={Joint Models for Longitudinal and Time-to-Event Data: With Applications in R},
author={Rizopoulos, Dimitris},
year={2012},
publisher={CRC Press},
isbn = {9781439872864}
}

@article{rizopoulos2017dynamic,
  title={Dynamic predictions with time-dependent covariates in survival analysis using joint modeling and landmarking},
  author={Rizopoulos, Dimitris and Molenberghs, Geert and Lesaffre, Emmanuel MEH},
  journal={Biometrical Journal},
  volume={59},
  number={6},
  pages={1261--1276},
  year={2017},
  publisher={Wiley Online Library}
}

@article{rizopoulosJMbayes,
author = {Dimitris Rizopoulos},
title = {The {R} Package {JMbayes} for Fitting Joint Models for Longitudinal and Time-to-Event Data Using {MCMC}},
journal = {Journal of Statistical Software},
volume = {72},
number = {7},
year = {2016},
issn = {1548-7660},
pages = {1--46},
publisher={Foundation for Open Access Statistics}
}

@article{royston2013external,
  title={External validation of a Cox prognostic model: principles and methods},
  author={Royston, Patrick and Altman, Douglas G},
  journal={BMC medical research methodology},
  volume={13},
  number={1},
  pages={33},
  year={2013},
  publisher={BioMed Central}
}

@article{schoots2015magnetic,
  title={Magnetic resonance imaging in active surveillance of prostate cancer: a systematic review},
  author={Schoots, Ivo G and Petrides, Neophytos and Giganti, Francesco and Bokhorst, Leonard P and Rannikko, Antti and Klotz, Laurence and Villers, Arnauld and Hugosson, Jonas and Moore, Caroline M},
  journal={European Urology},
  volume={67},
  number={4},
  pages={627--636},
  year={2015},
  publisher={Elsevier}
}

@article{steyerberg2010assessing,
  title={Assessing the performance of prediction models: a framework for some traditional and novel measures},
  author={Steyerberg, Ewout W and Vickers, Andrew J and Cook, Nancy R and Gerds, Thomas and Gonen, Mithat and Obuchowski, Nancy and Pencina, Michael J and Kattan, Michael W},
  journal={Epidemiology (Cambridge, Mass.)},
  volume={21},
  number={1},
  pages={128},
  year={2010},
  publisher={NIH Public Access}
}

@article{tomer2019,
author = {Tomer, Anirudh and Nieboer, Daan and Roobol, Monique J. and Steyerberg, Ewout W. and Rizopoulos, Dimitris},
title = {Personalized schedules for surveillance of low-risk prostate cancer patients},
journal = {Biometrics},
volume = {75},
number = {1},
pages = {153-162},
year = {2019}
}

@article{tomer2019personalized,
  title={Personalized Decision Making for Biopsies in Prostate Cancer Active Surveillance Programs},
  author={Tomer, Anirudh and Rizopoulos, Dimitris and Nieboer, Daan and Drost, Frank-Jan and Roobol, Monique J and Steyerberg, Ewout W},
  journal={Medical Decision Making},
  volume={39},
  number={5},
  pages={499--508},
  year={2019},
  publisher={SAGE Publications Sage CA: Los Angeles, CA}
}

@article{turnbull1976empirical,
  title={The empirical distribution function with arbitrarily grouped, censored and truncated data},
  author={Turnbull, Bruce W},
  journal={Journal of the Royal Statistical Society. Series B (Methodological)},
  volume={38},
  number={3},
  pages={290--295},
  year={1976},
  publisher={JSTOR}
}

@article{tsiatis2004joint,
title={Joint modeling of longitudinal and time-to-event data: an overview},
author={Tsiatis, Anastasios A and Davidian, Marie},
journal={Statistica Sinica},
volume={14},
number={3},
pages={809--834},
year={2004},
publisher={Institute of Statistical Science, Academia Sinica}
}

@article{vickers2009psavelocity,
  title={Systematic review of pretreatment prostate-specific antigen velocity and doubling time as predictors for prostate cancer},
  author={Vickers, Andrew J and Savage, Caroline and O'Brien, M Frank and Lilja, Hans},
  journal={Journal of Clinical Oncology},
  volume={27},
  number={3},
  pages={398},
  year={2009},
  publisher={American Society of Clinical Oncology}
}