@article{bredy2018new,
  title={{New York Heart Association (NYHA)} classification in adults with congenital heart disease: relation to objective measures of exercise and outcome},
  author={Bredy, Charlene and Ministeri, Margherita and Kempny, Alexander and Alonso-Gonzalez, Rafael and Swan, Lorna and Uebing, Anselm and Diller, Gerhard-Paul and Gatzoulis, Michael A and Dimopoulos, Konstantinos},
  journal={European Heart Journal-Quality of Care and Clinical Outcomes},
  volume={4},
  number={1},
  pages={51--58},
  year={2018},
  publisher={Oxford University Press}
}

@article{dickstein2008stro,
author = {Dickstein, Kenneth and Authors/Task Force Members and Cohen-Solal, Alain and Filippatos, Gerasimos and McMurray, John J.V. and Ponikowski, Piotr and Poole-Wilson, Philip Alexander and Strömberg, Anna and van Veldhuisen, Dirk J. and Atar, Dan and Hoes, Arno W. and Keren, Andre and Mebazaa, Alexandre and Nieminen, Markku and Priori, Silvia Giuliana and Swedberg, Karl and Vahanian, Alec and ESC Committee for Practice Guidelines (CPG) and Camm, John and De Caterina, Raffaele and Dean, Veronica and Dickstein, Kenneth and Filippatos, Gerasimos and Funck-Brentano, Christian and Hellemans, Irene and Kristensen, Steen Dalby and McGregor, Keith and Sechtem, Udo and Silber, Sigmund and Tendera, Michal and Widimsky, Petr and Zamorano, Jose Luis and Tendera, Michal and Document Reviewers and Auricchio, Angelo and Bax, Jeroen and Böhm, Michael and Corrà, Ugo and della Bella, Paolo and Elliott, Perry M. and Follath, Ferenc and Gheorghiade, Mihai and Hasin, Yonathan and Hernborg, Anders and Jaarsma, Tiny and Komajda, Michel and Kornowski, Ran and Piepoli, Massimo and Prendergast, Bernard and Tavazzi, Luigi and Vachiery, Jean-Luc and Verheugt, Freek W. A. and Zamorano, Jose Luis and Zannad, Faiez},
title = {{ESC Guidelines} for the diagnosis and treatment of acute and chronic heart failure 2008‡},
journal = {European Journal of Heart Failure},
volume = {10},
number = {10},
pages = {933-989},
year = {2008}
}

@article{gaggin2013biomarkers,
  title={Biomarkers and diagnostics in heart failure},
  author={Gaggin, Hanna K and Januzzi Jr, James L},
  journal={Biochimica et Biophysica Acta (BBA)-Molecular Basis of Disease},
  volume={1832},
  number={12},
  pages={2442--2450},
  year={2013},
  publisher={Elsevier}
}

@article{felker2017effect,
  title={Effect of natriuretic peptide--guided therapy on hospitalization or cardiovascular mortality in high-risk patients with heart failure and reduced ejection fraction: a randomized clinical trial},
  author={Felker, G Michael and Anstrom, Kevin J and Adams, Kirkwood F and Ezekowitz, Justin A and Fiuzat, Mona and Houston-Miller, Nancy and Januzzi, James L and Mark, Daniel B and Pi{\~n}a, Ileana L and Passmore, Gayle and others},
  journal={JAMA},
  volume={318},
  number={8},
  pages={713--720},
  year={2017},
  publisher={American Medical Association}
}

@article {hakkaart2015costing,
  title = {Costing manual: Methodology of costing research and reference prices for economic evaluations in healthcare. 2015},
  author = {Hakkaart-van Roijen, L and Van der Linden, N and Bouwmans, CAM and Kanters, TA and Tan, SS},
  journal = {Institute for Medical Technology Assessment, Erasmus University Rotterdam},
  year = {2015}
}

@article{kanters2017update,
  title={Update of the {Dutch} manual for costing studies in health care},
  author={Kanters, Tim A and Bouwmans, Clazien AM and van der Linden, Naomi and Tan, Siok Swan and Hakkaart-van Roijen, Leona},
  journal={PLoS One},
  volume={12},
  number={11},
  year={2017},
  publisher={Public Library of Science}
}

@article{khan2018does,
  title={Does natriuretic peptide monitoring improve outcomes in heart failure patients? A systematic review and meta-analysis},
  author={Khan, Muhammad Shahzeb and Siddiqi, Tariq Jamal and Usman, Muhammad Shariq and Sreenivasan, Jayakumar and Fugar, Setri and Riaz, Haris and Murad, Mohammad H and Mookadam, Farouk and Figueredo, Vincent M},
  journal={International Journal of Cardiology},
  volume={263},
  pages={80--87},
  year={2018},
  publisher={Elsevier}
}

@article{masson2008prognostic,
  title={Prognostic value of changes in N-terminal pro-brain natriuretic peptide in Val-HeFT (Valsartan Heart Failure Trial)},
  author={Masson, Serge and Latini, Roberto and Anand, Inder S and Barlera, Simona and Angelici, Laura and Vago, Tarcisio and Tognoni, Gianni and Cohn, Jay N and Val-HeFT Investigators and others},
  journal={Journal of the American College of Cardiology},
  volume={52},
  number={12},
  pages={997--1003},
  year={2008},
  publisher={Journal of the American College of Cardiology}
}

@article{mcmurray2012v,
    author = {Authors/Task Force Members and McMurray, John J.V. and Adamopoulos, Stamatis and Anker, Stefan D. and Auricchio, Angelo and Böhm, Michael and Dickstein, Kenneth and Falk, Volkmar and Filippatos, Gerasimos and Fonseca, Cândida and Gomez-Sanchez, Miguel Angel and Jaarsma, Tiny and Køber, Lars and Lip, Gregory Y.H. and Maggioni, Aldo Pietro and Parkhomenko, Alexander and Pieske, Burkert M. and Popescu, Bogdan A. and Rønnevik, Per K. and Rutten, Frans H. and Schwitter, Juerg and Seferovic, Petar and Stepinska, Janina and Trindade, Pedro T. and Voors, Adriaan A. and Zannad, Faiez and Zeiher, Andreas and ESC Committee for Practice Guidelines (CPG) and Bax, Jeroen J. and Baumgartner, Helmut and Ceconi, Claudio and Dean, Veronica and Deaton, Christi and Fagard, Robert and Funck-Brentano, Christian and Hasdai, David and Hoes, Arno and Kirchhof, Paulus and Knuuti, Juhani and Kolh, Philippe and McDonagh, Theresa and Moulin, Cyril and Popescu, Bogdan A. and Reiner, Željko and Sechtem, Udo and Sirnes, Per Anton and Tendera, Michal and Torbicki, Adam and Vahanian, Alec and Windecker, Stephan and Document Reviewers and McDonagh, Theresa and Sechtem, Udo and Bonet, Luis Almenar and Avraamides, Panayiotis and Ben Lamin, Hisham A. and Brignole, Michele and Coca, Antonio and Cowburn, Peter and Dargie, Henry and Elliott, Perry and Flachskampf, Frank Arnold and Guida, Guido Francesco and Hardman, Suzanna and Iung, Bernard and Merkely, Bela and Mueller, Christian and Nanas, John N. and Nielsen, Olav Wendelboe and Ørn, Stein and Parissis, John T. and Ponikowski, Piotr},
    title = "{ESC Guidelines for the diagnosis and treatment of acute and chronic heart failure 2012: The Task Force for the Diagnosis and Treatment of Acute and Chronic Heart Failure 2012 of the European Society of Cardiology. Developed in collaboration with the Heart Failure Association (HFA) of the ESC}",
    journal = {European Heart Journal},
    volume = {33},
    number = {14},
    pages = {1787-1847},
    year = {2012},
    month = {05}
}

@article{paulus2007diagnose,
  title={How to diagnose diastolic heart failure: a consensus statement on the diagnosis of heart failure with normal left ventricular ejection fraction by the {Heart Failure and Echocardiography Associations of the European Society of Cardiology}},
  author={Paulus, Walter J and Tsch{\"o}pe, Carsten and Sanderson, John E and Rusconi, Cesare and Flachskampf, Frank A and Rademakers, Frank E and Marino, Paolo and Smiseth, Otto A and De Keulenaer, Gilles and Leite-Moreira, Adelino F and others},
  journal={European Heart Journal},
  volume={28},
  number={20},
  pages={2539--2550},
  year={2007},
  publisher={The University of Chicago Press}
}

@book{rizopoulos2012joint,
title={Joint Models for Longitudinal and Time-to-Event Data: With Applications in R},
author={Rizopoulos, Dimitris},
year={2012},
publisher={CRC Press},
isbn = {9781439872864}
}

@article{rizopoulos2014tools,
  title={Tools \& techniques--statistics: Dealing with time-varying covariates in survival analysis--joint models versus {Cox} models.},
  author={Rizopoulos, Dimitris and Takkenberg, JJ},
  journal={EuroIntervention: Journal of EuroPCR in collaboration with the Working Group on Interventional Cardiology of the European Society of Cardiology},
  volume={10},
  number={2},
  pages={285--288},
  year={2014}
}

@article{rizopoulos2016personalized,
  title={Personalized screening intervals for biomarkers using joint models for longitudinal and survival data},
  author={Rizopoulos, Dimitris and Taylor, Jeremy MG and Van Rosmalen, Joost and Steyerberg, Ewout W and Takkenberg, Johanna JM},
  journal={Biostatistics},
  volume={17},
  number={1},
  pages={149--164},
  year={2016},
  publisher={Oxford University Press}
}

@article{rizopoulosJMbayes,
author = {Dimitris Rizopoulos},
title = {The {R} Package {JMbayes} for Fitting Joint Models for Longitudinal and Time-to-Event Data Using {MCMC}},
journal = {Journal of Statistical Software},
volume = {72},
number = {7},
year = {2016},
issn = {1548-7660},
pages = {1--46},
publisher={Foundation for Open Access Statistics}
}

@article{tomer2019personalized,
  title={Personalized schedules for surveillance of low-risk prostate cancer patients},
  author={Tomer, Anirudh and Nieboer, Daan and Roobol, Monique J and Steyerberg, Ewout W and Rizopoulos, Dimitris},
  journal={Biometrics},
  volume={75},
  number={1},
  pages={153--162},
  year={2019},
  publisher={Wiley Online Library}
}

@article{tsiatis2004joint,
title={Joint modeling of longitudinal and time-to-event data: an overview},
author={Tsiatis, Anastasios A and Davidian, Marie},
journal={Statistica Sinica},
volume={14},
number={3},
pages={809--834},
year={2004},
publisher={Institute of Statistical Science, Academia Sinica}
}

@article{van2018toward,
  title={Toward personalized risk assessment in patients with chronic heart failure: detailed temporal patterns of {NT-proBNP, troponin T, and CRP in the Bio-SHiFT study}},
  author={van Boven, Nick and Battes, Linda C and Akkerhuis, K Martijn and Rizopoulos, Dimitris and Caliskan, Kadir and Anroedh, Sharda S and Yassi, Wisam and Manintveld, Olivier C and Cornel, Jan-Hein and Constantinescu, Alina A and others},
  journal={American Heart Journal},
  volume={196},
  pages={36--48},
  year={2018},
  publisher={Elsevier}
}