@article{alagoz2010operations,
  title={Operations research models for cancer screening},
  author={Alagoz, Oguzhan and Ayer, Turgay and Erenay, Fatih Safa},
  journal={Wiley Encyclopedia of Operations Research and Management Science},
  year={2010},
  publisher={Wiley Online Library}
}

@article{andrinopoulou2016bayesian,
  title={Bayesian shrinkage approach for a joint model of longitudinal and survival outcomes assuming different association structures},
  author={Andrinopoulou, Eleni-Rosalina and Rizopoulos, Dimitris},
  journal={Statistics in Medicine},
  volume={35},
  number={26},
  pages={4813--4823},
  year={2016},
  publisher={Wiley Online Library}
}

@article{balasubramanian2003estimation,
  title={Estimation of a failure time distribution based on imperfect diagnostic tests},
  author={Balasubramanian, Raji and Lagakos, Stephen W},
  journal={Biometrika},
  volume={90},
  number={1},
  pages={171--182},
  year={2003},
  publisher={Oxford University Press}
}

@article{bebu2017optimal,
  title={Optimal screening schedules for disease progression with application to diabetic retinopathy},
  author={Bebu, Ionut and Lachin, John M},
  journal={Biostatistics},
  volume={19},
  number={1},
  pages={1--13},
  year={2017},
  publisher={Oxford University Press}
}

@article{bokhorst2015compliance,
title={Compliance rates with the {Prostate Cancer Research International Active Surveillance (PRIAS)} protocol and disease reclassification in noncompliers},
author={Bokhorst, Leonard P and Alberts, Arnout R and Rannikko, Antti and Valdagni, Riccardo and Pickles, Tom and Kakehi, Yoshiyuki and Bangma, Chris H and Roobol, Monique J and {\relax PRIAS study group}},
journal={European Urology},
volume={68},
number={5},
pages={814--821},
year={2015},
publisher={Elsevier}
}

@article{brown2009assessing,
title={Assessing the association between trends in a biomarker and risk of event with an application in pediatric {HIV/AIDS}},
author={Brown, Elizabeth R.},
journal={The Annals of Applied Statistics},
volume={3},
number={3},
pages={1163--1182},
year={2009},
publisher={Institute of Mathematical Statistics}
}

@article{carvalho,
  title={Estimating the risks and benefits of active surveillance protocols for prostate cancer: a microsimulation study},
  author={de Carvalho, Tiago M and Heijnsdijk, Eveline AM and de Koning, Harry J},
  journal={BJU International},
  volume={119},
  number={4},
  pages={560--566},
  year={2017},
  publisher={Wiley Online Library}
}

@article{coley2017prediction,
  title={Prediction of the pathologic {Gleason} score to inform a personalized management program for prostate cancer},
  author={Coley, R Yates and Zeger, Scott L and Mamawala, Mufaddal and Pienta, Kenneth J and Carter, H Ballentine},
  journal={European Urology},
  volume={72},
  number={1},
  pages={135--141},
  year={2017},
  publisher={Elsevier}
}


@article{cook1994equivalence,
title={On the equivalence of constrained and compound optimal designs},
author={Cook, R. Dennis and Wong, Weng K.},
journal={Journal of the American Statistical Association},
volume={89},
number={426},
pages={687--692},
year={1994},
publisher={Taylor \& Francis Group}
}

@book{de1978practical,
  title={A practical guide to splines},
  author={De Boor, Carl},
  volume={27},
  year={1978},
  publisher={Springer-Verlag New York}
}

@article{de2017should,
  title={When should active surveillance for prostate cancer stop if no progression is detected?},
  author={de Carvalho, Tiago M and Heijnsdijk, Eveline AM and de Koning, Harry J},
  journal={The Prostate},
  volume={77},
  number={9},
  pages={962--969},
  year={2017},
  publisher={Wiley Online Library}
}

@article{eilers1996flexible,
title={Flexible smoothing with {B-splines} and penalties},
author={Eilers, Paul HC and Marx, Brian D},
journal={Statistical Science},
pages={89--121},
year={1996},
volume={11},
number={2},
publisher={Institute of Mathematical Statistics}
}

@article{epsteinGG2014,
  title={The 2014 International Society of Urological Pathology ({ISUP}) consensus conference on 
  {Gleason} grading of prostatic carcinoma},
  author={Epstein, Jonathan I and Egevad, Lars and Amin, Mahul B and Delahunt, Brett and Srigley, John R and Humphrey, Peter A},
  journal={The American Journal of Surgical Pathology},
  volume={40},
  number={2},
  pages={244--252},
  year={2016},
  publisher={Wolters Kluwer}
}

@article{GlobalCancerStats2012,
title={Global cancer statistics, 2012},
author={Torre, Lindsey A and Bray, Freddie and Siegel, Rebecca L and Ferlay, Jacques and Lortet-Tieulent, Joannie and Jemal, Ahmedin},
journal={CA: A Cancer Journal for Clinicians},
volume={65},
number={2},
pages={87--108},
year={2015},
publisher={Wiley}
}

@article{inoue2018comparative,
  title={Comparative Analysis of Biopsy Upgrading in Four Prostate Cancer Active Surveillance Cohorts},
  author={Inoue, Lurdes YT and Lin, Daniel W and Newcomb, Lisa F and Leonardson, Amy S and Ankerst, Donna and Gulati, Roman and Carter, H Ballentine and Trock, Bruce J and Carroll, Peter R and Cooperberg, Matthew R and others},
  journal={Annals of Internal Medicine},
  volume={168},
  number={1},
  pages={1--9},
  year={2018},
  publisher={Am Coll Physicians}
}

@article{jullion2007robust,
  title={Robust specification of the roughness penalty prior distribution in spatially adaptive Bayesian P-splines models},
  author={Jullion, Astrid and Lambert, Philippe},
  journal={Computational Statistics \& Data Analysis},
  volume={51},
  number={5},
  pages={2542--2558},
  year={2007},
  publisher={Elsevier}
}

@article{krist2007timing,
  title={Timing of repeat colonoscopy: disparity between guidelines and endoscopistsâ€™ recommendation},
  author={Krist, Alex H and Jones, Resa M and Woolf, Steven H and Woessner, Sarah E and Merenstein, Daniel and Kerns, J William and Foliaco, Walter and Jackson, Paul},
  journal={American Journal of Preventive Medicine},
  volume={33},
  number={6},
  pages={471--478},
  year={2007},
  publisher={Elsevier}
}

@article{lang2004bayesian,
  title={Bayesian P-splines},
  author={Lang, Stefan and Brezger, Andreas},
  journal={Journal of Computational and Graphical Statistics},
  volume={13},
  number={1},
  pages={183--212},
  year={2004},
  publisher={Taylor \& Francis}
}

@article{landmarking2017,
  title={Dynamic predictions with time-dependent covariates in survival analysis using joint modeling and landmarking},
  author={Rizopoulos, Dimitris and Molenberghs, Geert and Lesaffre, Emmanuel MEH},
  journal={Biometrical Journal},
  volume={59},
  number={6},
  pages={1261--1276},
  year={2017},
  publisher={Wiley Online Library}
}

@article{loeb2013systematic,
  title={Systematic review of complications of prostate biopsy},
  author={Loeb, Stacy and Vellekoop, Annelies and Ahmed, Hashim U and Catto, James and Emberton, Mark and Nam, Robert and Rosario, Derek J and Scattoni, Vincenzo and Lotan, Yair},
  journal={European Urology},
  volume={64},
  number={6},
  pages={876--892},
  year={2013},
  publisher={Elsevier}
}

@article{loeb2014heterogeneity,
  title={Heterogeneity in active surveillance protocols worldwide},
  author={Loeb, Stacy and Carter, H Ballentine and Schwartz, Mark and Fagerlin, Angela and Braithwaite, R Scott and Lepor, Herbert},
  journal={Reviews in Urology},
  volume={16},
  number={4},
  pages={202--203},
  year={2014},
  publisher={MedReviews, LLC}
}

@article{loeb2014overdiagnosis,
  title={Overdiagnosis and overtreatment of prostate cancer},
  author={Loeb, Stacy and Bjurlin, Marc A and Nicholson, Joseph and Tammela, Teuvo L and Penson, David F and Carter, H Ballentine and Carroll, Peter and Etzioni, Ruth},
  journal={European Urology},
  volume={65},
  number={6},
  pages={1046--1055},
  year={2014},
  publisher={Elsevier}
}

@article{LeClercq2015325,
author={Le Clercq, C.M.C. and Winkens, B. and Bakker, C.M. and Keulen, E.T.P. and Beets, G.L. and Masclee, A.A.M. and Sanduleanu, S.},
title={Metachronous colorectal cancers result from missed lesions and non-compliance with surveillance},
journal={Gastrointestinal Endoscopy},
year={2015},
volume={82},
number={2},
pages={325-333.e2}
}

@article{mcculloch2005generalized,
  title={Generalized linear mixed models},
  author={McCulloch, Charles E and Neuhaus, John M},
  journal={Encyclopedia of Biostatistics},
  volume={4},
  year={2005},
  publisher={Wiley Online Library}
}

@article{mcwilliams2008surveillance,
  title={Surveillance bronchoscopy in lung transplant recipients: risk versus benefit},
  author={McWilliams, Tanya J and Williams, Trevor J and Whitford, Helen M and Snell, Gregory I},
  journal={The Journal of Heart and Lung Transplantation},
  volume={27},
  number={11},
  pages={1203--1209},
  year={2008},
  publisher={Elsevier}
}

@book{rizopoulos2012joint,
title={Joint Models for Longitudinal and Time-to-Event Data: With Applications in R},
author={Rizopoulos, Dimitris},
year={2012},
publisher={CRC Press},
isbn = {9781439872864}
}

@article{rizopoulos2015personalized,
  title={Personalized screening intervals for biomarkers using joint models for longitudinal and survival data},
  author={Rizopoulos, Dimitris and Taylor, Jeremy MG and Van Rosmalen, Joost and Steyerberg, Ewout W and Takkenberg, Johanna JM},
  journal={Biostatistics},
  volume={17},
  number={1},
  pages={149--164},
  year={2015},
  publisher={Oxford University Press}
}

@article{rizopoulosJMbayes,
author = {Dimitris Rizopoulos},
title = {The {R} Package {JMbayes} for Fitting Joint Models for Longitudinal and Time-to-Event Data Using {MCMC}},
journal = {Journal of Statistical Software},
volume = {72},
number = {7},
year = {2016},
issn = {1548-7660},
pages = {1--46},
publisher={Foundation for Open Access Statistics}
}

@article{sassi2006calculating,
  title={Calculating {QALYs}, comparing {QALY} and {DALY} calculations},
  author={Sassi, Franco},
  journal={Health Policy and Planning},
  volume={21},
  number={5},
  pages={402--408},
  year={2006},
  publisher={Oxford University Press}
}

@incollection{steimle2017markov,
  title={Markov decision processes for screening and treatment of chronic diseases},
  author={Steimle, Lauren N and Denton, Brian T},
  booktitle={Markov Decision Processes in Practice},
  pages={189--222},
  year={2017},
  publisher={Springer}
}

@article{taylor2013real,
title={Real-time individual predictions of prostate cancer recurrence using joint models},
author={Taylor, Jeremy M.G. and Park, Yongseok and Ankerst, Donna P. and Proust-Lima, Cecile and Williams, Scott and Kestin, Larry and Bae, Kyoungwha and Pickles, Tom and Sandler, Howard},
journal={Biometrics},
volume={69},
number={1},
pages={206--213},
year={2013},
publisher={Wiley}
}

@article{tomer2019personalizedbiometrics,
  title={Personalized schedules for surveillance of low-risk prostate cancer patients},
  author={Tomer, Anirudh and Nieboer, Daan and Roobol, Monique J and Steyerberg, Ewout W and Rizopoulos, Dimitris},
  journal={Biometrics},
  volume={75},
  number={1},
  pages={153--162},
  year={2019},
  publisher={Wiley Online Library}
}

@article{tomer2019personalized,
  title={Personalized Decision Making for Biopsies in Prostate Cancer Active Surveillance Programs},
  author={Tomer, Anirudh and Rizopoulos, Dimitris and Nieboer, Daan and Drost, Frank-Jan and Roobol, Monique J and Steyerberg, Ewout W},
  journal={Medical Decision Making},
  volume={39},
  number={5},
  pages={499--508},
  year={2019},
  publisher={SAGE Publications Sage CA: Los Angeles, CA}
}

@article{tomer2020webapp,
  title={Risk of Upgrading Based Personalized Biopsy Schedules for Prostate Cancer Active Surveillance Patients},
  author={Tomer, Anirudh and Nieboer, Daan and Roobol, Monique J and Bjartell, Anders and Steyerberg, Ewout W and Rizopoulos, Dimitris and et al.},
  journal={-},
  volume={manuscript submitted to British Journal of Urology International},
  number={-},
  pages={-},
  year={2020},
  publisher={Elsevier}
}

@article{tsiatis2004joint,
title={Joint modeling of longitudinal and time-to-event data: an overview},
author={Tsiatis, Anastasios A and Davidian, Marie},
journal={Statistica Sinica},
volume={14},
number={3},
pages={809--834},
year={2004},
publisher={Institute of Statistical Science, Academia Sinica}
}

@article{turnbull1976empirical,
  title={The empirical distribution function with arbitrarily grouped, censored and truncated data},
  author={Turnbull, Bruce W},
  journal={Journal of the Royal Statistical Society. Series B (Methodological)},
  volume={38},
  number={3},
  pages={290--295},
  year={1976},
  publisher={JSTOR}
}

@article{vickers2006decision,
  title={Decision curve analysis: a novel method for evaluating prediction models},
  author={Vickers, Andrew J and Elkin, Elena B},
  journal={Medical Decision Making},
  volume={26},
  number={6},
  pages={565--574},
  year={2006},
  publisher={Sage Publications Sage CA: Thousand Oaks, CA}
}

@article{wang2019learning,
  title={Learning-based biomarker-assisted rules for optimized clinical benefit under a risk-constraint},
  author={Wang, Yanqing and Zhao, Ying-Qi and Zheng, Yingye},
  journal={Biometrics},
  year={2019},
  publisher={Wiley Online Library}
}

@article{weusten2017endoscopic,
  title={Endoscopic management of {Barrett's} esophagus: {European Society of Gastrointestinal Endoscopy (ESGE)} position statement},
  author={Weusten, Bas and Bisschops, Raf and Coron, Emanuel and Dinis-Ribeiro, M{\'a}rio and Dumonceau, Jean-Marc and Esteban, Jos{\'e}-Miguel and Hassan, Cesare and Pech, Oliver and Repici, Alessandro and Bergman, Jacques and others},
  journal={Endoscopy},
  volume={49},
  number={02},
  pages={191--198},
  year={2017},
  publisher={{\copyright} Georg Thieme Verlag KG}
}

@book{world2014global,
  title={Global status report on noncommunicable diseases 2014},
  author={WHO, World Health Organization and others},
  number={WHO/NMH/NVI/15.1},
  year={2014},
  publisher={World Health Organization}
}