@article{bokhorst2015compliance,
title={Compliance rates with the {Prostate Cancer Research International Active Surveillance (PRIAS)} protocol and disease reclassification in noncompliers},
author={Bokhorst, Leonard P and Alberts, Arnout R and Rannikko, Antti and Valdagni, Riccardo and Pickles, Tom and Kakehi, Yoshiyuki and Bangma, Chris H and Roobol, Monique J and {\relax PRIAS study group}},
journal={European Urology},
volume={68},
number={5},
pages={814--821},
year={2015},
publisher={Elsevier}
}

@article{bokhorst2016decade,
title={A decade of active surveillance in the {PRIAS} study: an update and evaluation of the criteria used to recommend a switch to active treatment},
author={Bokhorst, Leonard P and Valdagni, Riccardo and Rannikko, Antti and Kakehi, Yoshiyuki and Pickles, Tom and Bangma, Chris H and Roobol, Monique J and {\relax PRIAS study group}},
journal={European Urology},
volume={70},
number={6},
pages={954--960},
year={2016},
publisher={Elsevier}
}

@article{bruinsma2016active,
  title={Active surveillance for prostate cancer: a narrative review of clinical guidelines},
  author={Bruinsma, Sophie M and Bangma, Chris H and Carroll, Peter R and Leapman, Michael S and Rannikko, Antti and Petrides, Neophytos and Weerakoon, Mahesha and Bokhorst, Leonard P and Roobol, Monique J and Ehdaie, Behfar and others},
  journal={Nature Reviews Urology},
  volume={13},
  number={3},
  pages={151--167},
  year={2016},
  publisher={Nature Publishing Group}
}

@article{carvalho,
  title={Estimating the risks and benefits of active surveillance protocols for prostate cancer: a microsimulation study},
  author={de Carvalho, Tiago M and Heijnsdijk, Eveline AM and de Koning, Harry J},
  journal={BJU International},
  volume={119},
  number={4},
  pages={560--566},
  year={2017},
  publisher={Wiley Online Library}
}

@article{coley2017,
title = {Prediction of the pathologic {Gleason} score to inform a personalized management program for prostate cancer},
journal = {European Urology},
volume = {72},
number = {1},
pages = {135--141},
year = {2017},
author = {Coley, Rebecca Yates and Zeger, Scott L and Mufaddal Mamawala and Pienta, Kenneth J and Carter, Herbert Ballentine}
}

@article{cooperberg2011outcomes,
  title={Outcomes of active surveillance for men with intermediate-risk prostate cancer},
  author={Cooperberg, Matthew R and Cowan, Janet E and Hilton, Joan F and Reese, Adam C and Zaid, Harras B and Porten, Sima P and Shinohara, Katsuto and Meng, Maxwell V and Greene, Kirsten L and Carroll, Peter R},
  journal={Journal of Clinical Oncology},
  volume={29},
  number={2},
  pages={228--234},
  year={2011},
  publisher={American Society of Clinical Oncology}
}

@book{de1978practical,
  title={A practical guide to splines},
  author={De Boor, Carl},
  volume={27},
  year={1978},
  publisher={Springer-Verlag New York}
}

@article{eilers1996flexible,
title={Flexible smoothing with {B-splines} and penalties},
author={Eilers, Paul HC and Marx, Brian D},
journal={Statistical Science},
pages={89--121},
year={1996},
volume={11},
number={2},
publisher={Institute of Mathematical Statistics}
}

@article{ehdaie2014impact,
  title={The impact of repeat biopsies on infectious complications in men with prostate cancer on active surveillance},
  author={Ehdaie, Behfar and Vertosick, Emily and Spaliviero, Massimiliano and Giallo-Uvino, Anna and Taur, Ying and O'sullivan, Maryellen and Livingston, Jennifer and Sogani, Pramod and Eastham, James and Scardino, Peter and others},
  journal={The Journal of Urology},
  volume={191},
  number={3},
  pages={660--664},
  year={2014},
  publisher={Elsevier}
}

@article{etzioni2002overdiagnosis,
  title={Overdiagnosis due to prostate-specific antigen screening: lessons from {US} prostate cancer incidence trends},
  author={Etzioni, Ruth and Penson, David F and Legler, Julie M and Di Tommaso, Dante and Boer, Rob and Gann, Peter H and Feuer, Eric J},
  journal={Journal of the National Cancer Institute},
  volume={94},
  number={13},
  pages={981--990},
  year={2002},
  publisher={Oxford University Press}
}

@article{fujita2009serial,
  title={Serial prostate biopsies are associated with an increased risk of erectile dysfunction in men with prostate cancer on active surveillance},
  author={Fujita, Kazutoshi and Landis, Patricia and McNeil, Brian K and Pavlovich, Christian P},
  journal={The Journal of Urology},
  volume={182},
  number={6},
  pages={2664--2669},
  year={2009},
  publisher={Elsevier}
}

@article{goh2013clinical,
  title={Clinical implications of family history of prostate cancer and genetic risk single nucleotide polymorphism (SNP) profiles in an active surveillance cohort},
  author={Goh, Chee L and Saunders, Edward J and Leongamornlert, Daniel A and Tymrakiewicz, Malgorzata and Thomas, Karen and Selvadurai, Elizabeth D and Woode-Amissah, Ruth and Dadaev, Tokhir and Mahmud, Nadiya and Castro, Elena and others},
  journal={BJU International},
  volume={112},
  number={5},
  pages={666--673},
  year={2013},
  publisher={Wiley Online Library}
}

@article{GlobalCancerStats2012,
title={Global cancer statistics, 2012},
author={Torre, Lindsey A and Bray, Freddie and Siegel, Rebecca L and Ferlay, Jacques and Lortet-Tieulent, Joannie and Jemal, Ahmedin},
journal={CA: A Cancer Journal for Clinicians},
volume={65},
number={2},
pages={87--108},
year={2015},
publisher={Wiley}
}

@article{inoue2018comparative,
  title={Comparative Analysis of Biopsy Upgrading in Four Prostate Cancer Active Surveillance Cohorts},
  author={Inoue, Lurdes YT and Lin, Daniel W and Newcomb, Lisa F and Leonardson, Amy S and Ankerst, Donna and Gulati, Roman and Carter, H Ballentine and Trock, Bruce J and Carroll, Peter R and Cooperberg, Matthew R and others},
  journal={Annals of Internal Medicine},
  volume={168},
  number={1},
  pages={1--9},
  year={2018},
  publisher={Am Coll Physicians}
}

@article{landmarking2017,
  title={Dynamic predictions with time-dependent covariates in survival analysis using joint modeling and landmarking},
  author={Rizopoulos, Dimitris and Molenberghs, Geert and Lesaffre, Emmanuel MEH},
  journal={Biometrical Journal},
  volume={59},
  number={6},
  pages={1261--1276},
  year={2017},
  publisher={Wiley Online Library}
}

@article{lin2000latent,
  title={A latent class mixed model for analysing biomarker trajectories with irregularly scheduled observations},
  author={Lin, Haiqun and McCulloch, Charles E and Turnbull, Bruce W and Slate, Elizabeth H and Clark, Larry C},
  journal={Statistics in Medicine},
  volume={19},
  number={10},
  pages={1303--1318},
  year={2000},
  publisher={Wiley Online Library}
}

@article{loeb2014heterogeneity,
  title={Heterogeneity in active surveillance protocols worldwide},
  author={Loeb, Stacy and Carter, H Ballentine and Schwartz, Mark and Fagerlin, Angela and Braithwaite, R Scott and Lepor, Herbert},
  journal={Reviews in Urology},
  volume={16},
  number={4},
  pages={202--203},
  year={2014},
  publisher={MedReviews, LLC}
}

@article{nieboer2018active,
  title={Active surveillance: a review of risk-based, dynamic monitoring},
  author={Nieboer, Daan and Tomer, Anirudh and Rizopoulos, Dimitris and Roobol, Monique J and Steyerberg, Ewout W},
  journal={Translational Andrology and Urology},
  volume={7},
  number={1},
  pages={106--115},
  year={2018},
  publisher={AME Publications}
}

@article{pearson1994mixed,
  title={Mixed-effects regression models for studying the natural history of prostate disease},
  author={Pearson, Jay D and Morrell, Christopher H and Landis, Patricia K and Carter, H Ballentine and Brant, Larry J},
  journal={Statistics in Medicine},
  volume={13},
  number={5-7},
  pages={587--601},
  year={1994},
  publisher={Wiley Online Library}
}

@article{rizopoulos2011dynamic,
title={Dynamic Predictions and Prospective Accuracy in Joint Models for Longitudinal and Time-to-Event Data},
author={Rizopoulos, Dimitris},
journal={Biometrics},
volume={67},
number={3},
pages={819--829},
year={2011},
publisher={Wiley}
}

@book{rizopoulos2012joint,
title={Joint Models for Longitudinal and Time-to-Event Data: With Applications in R},
author={Rizopoulos, Dimitris},
year={2012},
publisher={CRC Press},
isbn = {9781439872864}
}

@article{rizopoulosJMbayes,
author = {Dimitris Rizopoulos},
title = {The {R} Package {JMbayes} for Fitting Joint Models for Longitudinal and Time-to-Event Data Using {MCMC}},
journal = {Journal of Statistical Software},
volume = {72},
number = {7},
year = {2016},
issn = {1548-7660},
pages = {1--46},
publisher={Foundation for Open Access Statistics}
}

@article{schroder1992tnm,
  title={The {TNM} classification of prostate cancer},
  author={Schr{\"o}der, FH and Hermanek, P and Denis, L and Fair, WR and Gospodarowicz, MK and Pavone-Macaluso, M},
  journal={The Prostate},
  volume={21},
  number={S4},
  pages={129--138},
  year={1992},
  publisher={Wiley Online Library}
}

@article{telang2017prostate,
  title={Prostate cancer family history and eligibility for active surveillance: a systematic review of the literature},
  author={Telang, Jaya M and Lane, Brian R and Cher, Michael L and Miller, David C and Dupree, James M},
  journal={BJU International},
  volume={120},
  number={4},
  pages={464--467},
  year={2017},
  publisher={Wiley Online Library}
}

@article{tsiatis2004joint,
title={Joint modeling of longitudinal and time-to-event data: an overview},
author={Tsiatis, Anastasios A and Davidian, Marie},
journal={Statistica Sinica},
volume={14},
number={3},
pages={809--834},
year={2004},
publisher={Institute of Statistical Science, Academia Sinica}
}

@article{turnbull1976empirical,
  title={The empirical distribution function with arbitrarily grouped, censored and truncated data},
  author={Turnbull, Bruce W},
  journal={Journal of the Royal Statistical Society. Series B (Methodological)},
  volume={38},
  number={3},
  pages={290--295},
  year={1976},
  publisher={JSTOR}
}

@article{vickers2006decision,
  title={Decision curve analysis: a novel method for evaluating prediction models},
  author={Vickers, Andrew J and Elkin, Elena B},
  journal={Medical Decision Making},
  volume={26},
  number={6},
  pages={565--574},
  year={2006},
  publisher={Sage Publications Sage CA: Thousand Oaks, CA}
}