@article{alagoz2010operations,
  title={Operations research models for cancer screening},
  author={Alagoz, Oguzhan and Ayer, Turgay and Erenay, Fatih Safa},
  journal={Wiley encyclopedia of operations research and management science},
  year={2010},
  publisher={Wiley Online Library}
}

@article{andrinopoulou2017combined,
  title={Combined dynamic predictions using joint models of two longitudinal outcomes and competing risk data},
  author={Andrinopoulou, Eleni-Rosalina and Rizopoulos, Dimitris and Takkenberg, Johanna JM and Lesaffre, Emmanuel},
  journal={Statistical Methods in Medical Research},
  volume={26},
  number={4},
  pages={1787--1801},
  year={2017},
  publisher={SAGE Publications Sage UK: London, England}
}

@article{balasubramanian2003estimation,
  title={Estimation of a failure time distribution based on imperfect diagnostic tests},
  author={Balasubramanian, Raji and Lagakos, Stephen W},
  journal={Biometrika},
  volume={90},
  number={1},
  pages={171--182},
  year={2003},
  publisher={Oxford University Press}
}

@article{bokhorst2015compliance,
title={Compliance rates with the {Prostate Cancer Research International Active Surveillance (PRIAS)} protocol and disease reclassification in noncompliers},
author={Bokhorst, Leonard P and Alberts, Arnout R and Rannikko, Antti and Valdagni, Riccardo and Pickles, Tom and Kakehi, Yoshiyuki and Bangma, Chris H and Roobol, Monique J and {\relax PRIAS study group}},
journal={European Urology},
volume={68},
number={5},
pages={814--821},
year={2015},
publisher={Elsevier}
}

@article{carvalho,
  title={Estimating the risks and benefits of active surveillance protocols for prostate cancer: a microsimulation study},
  author={de Carvalho, Tiago M and Heijnsdijk, Eveline AM and de Koning, Harry J},
  journal={BJU International},
  volume={119},
  number={4},
  pages={560--566},
  year={2017},
  publisher={Wiley Online Library}
}


@article{choi2012screening,
  title={Screening and surveillance for {Barrett’s} esophagus: current issues and future directions},
  author={Choi, Sung E and Hur, Chin},
  journal={Current Opinion in Gastroenterology},
  volume={28},
  number={4},
  pages={377},
  year={2012},
  publisher={NIH Public Access}
}

@article{coley2017,
title = {Prediction of the pathologic {Gleason} score to inform a personalized management program for prostate cancer},
journal = {European Urology},
volume = {72},
number = {1},
pages = {135--141},
year = {2017},
author = {Coley, Rebecca Yates and Zeger, Scott L and Mufaddal Mamawala and Pienta, Kenneth J and Carter, Herbert Ballentine}
}


@incollection{denton2018optimization,
  title={Optimization of Sequential Decision Making for Chronic Diseases: From Data to Decisions},
  author={Denton, Brian T},
  booktitle={Recent Advances in Optimization and Modeling of Contemporary Problems},
  pages={316--348},
  year={2018},
  publisher={INFORMS}
}

@article{henderson2011surveillance,
  title={Surveillance protocol kidney transplant biopsies: their evolving role in clinical practice},
  author={Henderson, LK and Nankivell, BJ and Chapman*, JR},
  journal={American Journal of Transplantation},
  volume={11},
  number={8},
  pages={1570--1575},
  year={2011},
  publisher={Wiley Online Library}
}

@article{krist2007timing,
  title={Timing of repeat colonoscopy: disparity between guidelines and endoscopists’ recommendation},
  author={Krist, Alex H and Jones, Resa M and Woolf, Steven H and Woessner, Sarah E and Merenstein, Daniel and Kerns, J William and Foliaco, Walter and Jackson, Paul},
  journal={American Journal of Preventive Medicine},
  volume={33},
  number={6},
  pages={471--478},
  year={2007},
  publisher={Elsevier}
}

@article{loeb2013systematic,
title={Systematic review of complications of prostate biopsy},
author={Loeb, Stacy and Vellekoop, Annelies and Ahmed, Hashim U and Catto, James and Emberton, Mark and Nam, Robert and Rosario, Derek J and Scattoni, Vincenzo and Lotan, Yair},
journal={European Urology},
volume={64},
number={6},
pages={876--892},
year={2013},
publisher={Elsevier}
}

@article{lopez2014optimalcutpoints,
title={{OptimalCutpoints: an R package for selecting optimal cutpoints in diagnostic tests}},
author={L{\'o}pez-Rat{\'o}n, M{\'o}nica and Rodr{\'\i}guez-{\'A}lvarez, Mar{\'\i}a Xos{\'e} and Cadarso-Su{\'a}rez, Carmen and Gude-Sampedro, Francisco},
journal={Journal of Statistical Software},
volume={61},
number={8},
pages={1--36},
year={2014},
publisher={Foundation for Open Access Statistics}
}

@article{mcwilliams2008surveillance,
  title={Surveillance bronchoscopy in lung transplant recipients: risk versus benefit},
  author={McWilliams, Tanya J and Williams, Trevor J and Whitford, Helen M and Snell, Gregory I},
  journal={The Journal of Heart and Lung Transplantation},
  volume={27},
  number={11},
  pages={1203--1209},
  year={2008},
  publisher={Elsevier}
}

@article{putter2007tutorial,
  title={Tutorial in biostatistics: competing risks and multi-state models},
  author={Putter, Hein and Fiocco, Marta and Geskus, Ronald B},
  journal={Statistics in Medicine},
  volume={26},
  number={11},
  pages={2389--2430},
  year={2007},
  publisher={Wiley Online Library}
}

@book{rizopoulos2012joint,
title={Joint Models for Longitudinal and Time-to-Event Data: With Applications in R},
author={Rizopoulos, Dimitris},
year={2012},
publisher={CRC Press},
isbn = {9781439872864}
}

@article{rizopoulos2017dynamic,
  title={Dynamic predictions with time-dependent covariates in survival analysis using joint modeling and landmarking},
  author={Rizopoulos, Dimitris and Molenberghs, Geert and Lesaffre, Emmanuel MEH},
  journal={Biometrical Journal},
  volume={59},
  number={6},
  pages={1261--1276},
  year={2017},
  publisher={Wiley Online Library}
}

@book{robertBayesianChoice,
title={The {Bayesian} choice: from decision-theoretic foundations to computational implementation},
author={Robert, Christian},
year={2007},
isbn = {9780387715995},
publisher={Springer Science \& Business Media}
}

@article{rodriguez2008restful,
  title={Restful web services: The basics},
  author={Rodriguez, Alex},
  journal={IBM DeveloperWorks},
  volume={33},
  pages={18},
  year={2008}
}

@article{sassi2006calculating,
  title={Calculating QALYs, comparing QALY and DALY calculations},
  author={Sassi, Franco},
  journal={Health Policy and Planning},
  volume={21},
  number={5},
  pages={402--408},
  year={2006},
  publisher={Oxford University Press}
}

@incollection{steimle2017markov,
  title={Markov decision processes for screening and treatment of chronic diseases},
  author={Steimle, Lauren N and Denton, Brian T},
  booktitle={Markov Decision Processes in Practice},
  pages={189--222},
  year={2017},
  publisher={Springer}
}

@inproceedings{sunberg2018online,
  title={Online algorithms for POMDPs with continuous state, action, and observation spaces},
  author={Sunberg, Zachary N and Kochenderfer, Mykel J},
  booktitle={Twenty-Eighth International Conference on Automated Planning and Scheduling},
  year={2018}
}

@article{tsiatis2004joint,
title={Joint modeling of longitudinal and time-to-event data: an overview},
author={Tsiatis, Anastasios A and Davidian, Marie},
journal={Statistica Sinica},
volume={14},
number={3},
pages={809--834},
year={2004},
publisher={Institute of Statistical Science, Academia Sinica}
}

@article{vickers2006decision,
  title={Decision curve analysis: a novel method for evaluating prediction models},
  author={Vickers, Andrew J and Elkin, Elena B},
  journal={Medical Decision Making},
  volume={26},
  number={6},
  pages={565--574},
  year={2006},
  publisher={Sage Publications Sage CA: Thousand Oaks, CA}
}

@article{vickers2014commentary,
  title={A commentary on PSA velocity and doubling time for clinical decisions in prostate cancer},
  author={Vickers, Andrew J and Thompson, Ian M and Klein, Eric and Carroll, Peter R and Scardino, Peter T},
  journal={Urology},
  volume={83},
  number={3},
  pages={592--598},
  year={2014},
  publisher={Elsevier}
}