@article{alagoz2010operations,
  title={Operations research models for cancer screening},
  author={Alagoz, Oguzhan and Ayer, Turgay and Erenay, Fatih Safa},
  journal={Wiley Encyclopedia of Operations Research and Management Science},
  year={2010},
  publisher={Wiley Online Library}
}

@article{bebu2018optimal,
  title={Optimal screening schedules for disease progression with application to diabetic retinopathy},
  author={Bebu, Ionut and Lachin, John M},
  journal={Biostatistics},
  volume={19},
  number={1},
  pages={1--13},
  year={2018},
  publisher={Oxford University Press}
}

@article{bennett2018ncd,
  title={{NCD} Countdown 2030: worldwide trends in non-communicable disease mortality and progress towards Sustainable Development Goal target 3.4},
  author={Bennett, James E and Stevens, Gretchen A and Mathers, Colin D and Bonita, Ruth and Rehm, J{\"u}rgen and Kruk, Margaret E and Riley, Leanne M and Dain, Katie and Kengne, Andre P and Chalkidou, Kalipso and others},
  journal={The Lancet},
  volume={392},
  number={10152},
  pages={1072--1088},
  year={2018},
  publisher={Elsevier}
}

@article{bhalla2004b,
  title={{B-Type} Natriuretic Peptide: The Level and the Drug—Partners in the Diagnosis and Management of Congestive Heart Failure},
  author={Bhalla, Vikas and Willis, Scott and Maisel, Alan S},
  journal={Congestive Heart Failure},
  volume={10},
  pages={3--27},
  year={2004},
  publisher={Wiley Online Library}
}

@article{bokhorst2015compliance,
title={Compliance rates with the {Prostate Cancer Research International Active Surveillance (PRIAS)} protocol and disease reclassification in noncompliers},
author={Bokhorst, Leonard P and Alberts, Arnout R and Rannikko, Antti and Valdagni, Riccardo and Pickles, Tom and Kakehi, Yoshiyuki and Bangma, Chris H and Roobol, Monique J and {\relax PRIAS study group}},
journal={European Urology},
volume={68},
number={5},
pages={814--821},
year={2015},
publisher={Elsevier}
}

@article{bratt2013study,
  title={The Study of Active Monitoring in Sweden (SAMS): a randomized study comparing two different follow-up schedules for active surveillance of low-risk prostate cancer},
  author={Bratt, Ola and Carlsson, Stefan and Holmberg, Erik and Holmberg, Lars and Johansson, Eva and Josefsson, Andreas and Nilsson, Annika and Nyberg, Maria and Robinsson, David and Sandberg, Jonas and others},
  journal={Scandinavian Journal of Urology},
  volume={47},
  number={5},
  pages={347--355},
  year={2013},
  publisher={Taylor \& Francis}
}

@article{bredy2018new,
  title={{New York Heart Association (NYHA)} classification in adults with congenital heart disease: relation to objective measures of exercise and outcome},
  author={Bredy, Charlene and Ministeri, Margherita and Kempny, Alexander and Alonso-Gonzalez, Rafael and Swan, Lorna and Uebing, Anselm and Diller, Gerhard-Paul and Gatzoulis, Michael A and Dimopoulos, Konstantinos},
  journal={European Heart Journal-Quality of Care and Clinical Outcomes},
  volume={4},
  number={1},
  pages={51--58},
  year={2018},
  publisher={Oxford University Press}
}

@article{bul2013active,
  title={Active surveillance for low-risk prostate cancer worldwide: the {PRIAS} study},
  author={Bul, Meelan and Zhu, Xiaoye and Valdagni, Riccardo and Pickles, Tom and Kakehi, Yoshiyuki and Rannikko, Antti and Bjartell, Anders and Van Der Schoot, Deric K and Cornel, Erik B and Conti, Giario N and others},
  journal={European Urology},
  volume={63},
  number={4},
  pages={597--603},
  year={2013},
  publisher={Elsevier}
}

@article{coley2017,
title = {Prediction of the pathologic {Gleason} score to inform a personalized management program for prostate cancer},
journal = {European Urology},
volume = {72},
number = {1},
pages = {135--141},
year = {2017},
author = {Coley, Rebecca Yates and Zeger, Scott L and Mufaddal Mamawala and Pienta, Kenneth J and Carter, Herbert Ballentine}
}

@article{choi2012screening,
  title={Screening and surveillance for {Barrett’s} esophagus: current issues and future directions},
  author={Choi, Sung E and Hur, Chin},
  journal={Current Opinion in Gastroenterology},
  volume={28},
  number={4},
  pages={377},
  year={2012},
  publisher={NIH Public Access}
}

@article{de2017estimating,
  title={Estimating the risks and benefits of active surveillance protocols for prostate cancer: a microsimulation study},
  author={de Carvalho, Tiago M and Heijnsdijk, Eveline AM and de Koning, Harry J},
  journal={BJU International},
  volume={119},
  number={4},
  pages={560--566},
  year={2017},
  publisher={Wiley Online Library}
}

@incollection{denton2018optimization,
  title={Optimization of Sequential Decision Making for Chronic Diseases: From Data to Decisions},
  author={Denton, Brian T},
  booktitle={Recent Advances in Optimization and Modeling of Contemporary Problems},
  pages={316--348},
  year={2018},
  publisher={INFORMS}
}

@article{epsteinGG2014,
  title={{The 2014 International Society of Urological Pathology (ISUP)} consensus conference on Gleason grading of prostatic carcinoma},
  author={Epstein, Jonathan I and Egevad, Lars and Amin, Mahul B and Delahunt, Brett and Srigley, John R and Humphrey, Peter A},
  journal={The American Journal of Surgical Pathology},
  volume={40},
  number={2},
  pages={244--252},
  year={2016},
  publisher={Wolters Kluwer}
}

@article{etzioni2002overdiagnosis,
  title={Overdiagnosis due to prostate-specific antigen screening: lessons from US prostate cancer incidence trends},
  author={Etzioni, Ruth and Penson, David F and Legler, Julie M and Di Tommaso, Dante and Boer, Rob and Gann, Peter H and Feuer, Eric J},
  journal={Journal of the National Cancer Institute},
  volume={94},
  number={13},
  pages={981--990},
  year={2002},
  publisher={Oxford University Press}
}

@article{friedman1997bias,
  title={On bias, variance, 0/1—loss, and the curse-of-dimensionality},
  author={Friedman, Jerome H},
  journal={Data mining and knowledge discovery},
  volume={1},
  number={1},
  pages={55--77},
  year={1997},
  publisher={Springer}
}

@article{gap3_2018,
  title={The Movember Foundation's GAP3 cohort: a profile of the largest global prostate cancer active surveillance database to date},
  author={Bruinsma, Sophie M and Zhang, Liying and Roobol, Monique J and Bangma, Chris H and Steyerberg, Ewout W and Nieboer, Daan and Van Hemelrijck, Mieke and Movember Foundation's Global Action Plan Prostate Cancer Active Surveillance (GAP3) consortium and Trock, Bruce and Ehdaie, Behfar and others},
  journal={BJU international},
  volume={121},
  number={5},
  pages={737--744},
  year={2018},
  publisher={Wiley Online Library}
}

@article{hansVan2007dynamic,
  title={Dynamic prediction by landmarking in event history analysis},
  author={Van Houwelingen, Hans C},
  journal={Scandinavian Journal of Statistics},
  volume={34},
  number={1},
  pages={70--85},
  year={2007},
  publisher={Wiley Online Library}
}

@article{GlobalCancerStats2012,
title={Global cancer statistics, 2012},
author={Torre, Lindsey A and Bray, Freddie and Siegel, Rebecca L and Ferlay, Jacques and Lortet-Tieulent, Joannie and Jemal, Ahmedin},
journal={CA: A Cancer Journal for Clinicians},
volume={65},
number={2},
pages={87--108},
year={2015},
publisher={Wiley}
}

@article{hanin2001optimal,
  title={Optimal schedules of cancer surveillance and tumor size at detection},
  author={Hanin, LG and Tsodikov, AD and Yakovlev, A Yu},
  journal={Mathematical and Computer Modelling},
  volume={33},
  number={12-13},
  pages={1419--1430},
  year={2001},
  publisher={Elsevier}
}

@article{henderson2011surveillance,
  title={Surveillance protocol kidney transplant biopsies: their evolving role in clinical practice},
  author={Henderson, LK and Nankivell, BJ and Chapman*, JR},
  journal={American Journal of Transplantation},
  volume={11},
  number={8},
  pages={1570--1575},
  year={2011},
  publisher={Wiley Online Library}
}

@article{inoue2018comparative,
  title={Comparative analysis of biopsy upgrading in four prostate cancer active surveillance cohorts},
  author={Inoue, Lurdes YT and Lin, Daniel W and Newcomb, Lisa F and Leonardson, Amy S and Ankerst, Donna and Gulati, Roman and Carter, H Ballentine and Trock, Bruce J and Carroll, Peter R and Cooperberg, Matthew R and others},
  journal={Annals of Internal Medicine},
  volume={168},
  number={1},
  pages={1--9},
  year={2018},
  publisher={Am Coll Physicians}
}

@article{krist2007timing,
  title={Timing of repeat colonoscopy: disparity between guidelines and endoscopists’ recommendation},
  author={Krist, Alex H and Jones, Resa M and Woolf, Steven H and Woessner, Sarah E and Merenstein, Daniel and Kerns, J William and Foliaco, Walter and Jackson, Paul},
  journal={American Journal of Preventive Medicine},
  volume={33},
  number={6},
  pages={471--478},
  year={2007},
  publisher={Elsevier}
}

@article{laird1982random,
  title={Random-effects models for longitudinal data},
  author={Laird, Nan M and Ware, James H},
  journal={Biometrics},
  pages={963--974},
  year={1982},
  publisher={JSTOR}
}

@article{LeClercq2015325,
author={Le Clercq, C.M.C. and Winkens, B. and Bakker, C.M. and Keulen, E.T.P. and Beets, G.L. and Masclee, A.A.M. and Sanduleanu, S.},
title={Metachronous colorectal cancers result from missed lesions and non-compliance with surveillance},
journal={Gastrointestinal Endoscopy},
year={2015},
volume={82},
number={2},
pages={325-333.e2}
}


@article{loeb2013systematic,
title={Systematic review of complications of prostate biopsy},
author={Loeb, Stacy and Vellekoop, Annelies and Ahmed, Hashim U and Catto, James and Emberton, Mark and Nam, Robert and Rosario, Derek J and Scattoni, Vincenzo and Lotan, Yair},
journal={European Urology},
volume={64},
number={6},
pages={876--892},
year={2013},
publisher={Elsevier}
}

@article{loeb2014heterogeneity,
  title={Heterogeneity in active surveillance protocols worldwide},
  author={Loeb, Stacy and Carter, H Ballentine and Schwartz, Mark and Fagerlin, Angela and Braithwaite, R Scott and Lepor, Herbert},
  journal={Reviews in Urology},
  volume={16},
  number={4},
  pages={202--203},
  year={2014},
  publisher={MedReviews, LLC}
}

@article{mcwilliams2008surveillance,
  title={Surveillance bronchoscopy in lung transplant recipients: risk versus benefit},
  author={McWilliams, Tanya J and Williams, Trevor J and Whitford, Helen M and Snell, Gregory I},
  journal={The Journal of Heart and Lung Transplantation},
  volume={27},
  number={11},
  pages={1203--1209},
  year={2008},
  publisher={Elsevier}
}

@article{nieboer2018active,
  title={Active surveillance: a review of risk-based, dynamic monitoring},
  author={Nieboer, Daan and Tomer, Anirudh and Rizopoulos, Dimitris and Roobol, Monique J and Steyerberg, Ewout W},
  journal={Translational andrology and Urology},
  volume={7},
  number={1},
  pages={106--115},
  year={2018},
  publisher={AME Publications}
}

@article{lopez2014optimalcutpoints,
  title={{OptimalCutpoints: an R package} for selecting optimal cutpoints in diagnostic tests},
  author={L{\'o}pez-Rat{\'o}n, M{\'o}nica and Rodr{\'\i}guez-{\'A}lvarez, Mar{\'\i}a Xos{\'e} and Cadarso-Su{\'a}rez, Carmen and Gude-Sampedro, Francisco and others},
  journal={Journal of Statistical Software},
  volume={61},
  number={8},
  pages={1--36},
  year={2014}
}

@article{parmigiani1996optimal,
  title={Optimal scheduling of fallible inspections},
  author={Parmigiani, Giovanni},
  journal={Operations Research},
  volume={44},
  number={2},
  pages={360--367},
  year={1996},
  publisher={INFORMS}
}

@article{potoskyPSAcancer,
author = {Potosky, Arnold L and Miller, Barry A and Albertsen, Peter C and Kramer, Barnett S},
title = {The role of increasing detection in the rising incidence of prostate cancer},
journal = {JAMA},
volume = {273},
number = {7},
pages = {548-552},
year = {1995},
publisher={American Medical Association}
}

@book{rizopoulos2012joint,
title={Joint Models for Longitudinal and Time-to-Event Data: With Applications in R},
author={Rizopoulos, Dimitris},
year={2012},
publisher={CRC Press},
isbn = {9781439872864}
}

@article{rizopoulos2016personalized,
  title={Personalized screening intervals for biomarkers using joint models for longitudinal and survival data},
  author={Rizopoulos, Dimitris and Taylor, Jeremy MG and Van Rosmalen, Joost and Steyerberg, Ewout W and Takkenberg, Johanna JM},
  journal={Biostatistics},
  volume={17},
  number={1},
  pages={149--164},
  year={2016},
  publisher={Oxford University Press}
}

@book{robertBayesianChoice,
title={The {Bayesian} choice: from decision-theoretic foundations to computational implementation},
author={Robert, Christian},
year={2007},
isbn = {9780387715995},
publisher={Springer Science \& Business Media}
}

@article{schoots2015magnetic,
  title={Magnetic resonance imaging in active surveillance of prostate cancer: a systematic review},
  author={Schoots, Ivo G and Petrides, Neophytos and Giganti, Francesco and Bokhorst, Leonard P and Rannikko, Antti and Klotz, Laurence and Villers, Arnauld and Hugosson, Jonas and Moore, Caroline M},
  journal={European Urology},
  volume={67},
  number={4},
  pages={627--636},
  year={2015},
  publisher={Elsevier}
}

@article{schroder1992tnm,
  title={The {TNM} classification of prostate cancer},
  author={Schr{\"o}der, FH and Hermanek, P and Denis, L and Fair, WR and Gospodarowicz, MK and Pavone-Macaluso, M},
  journal={The Prostate},
  volume={21},
  number={S4},
  pages={129--138},
  year={1992},
  publisher={Wiley Online Library}
}

@article{singer2012active,
  title={Active surveillance for prostate cancer: past, present and future},
  author={Singer, Eric A and Kaushal, Aradhana and Turkbey, Baris and Couvillon, Anna and Pinto, Peter A and Parnes, Howard L},
  journal={Current opinion in oncology},
  volume={24},
  number={3},
  pages={243--250},
  year={2012},
  publisher={LWW}
}

@incollection{steimle2017markov,
  title={Markov decision processes for screening and treatment of chronic diseases},
  author={Steimle, Lauren N and Denton, Brian T},
  booktitle={Markov Decision Processes in Practice},
  pages={189--222},
  year={2017},
  publisher={Springer}
}

@inproceedings{sunberg2018online,
  title={Online algorithms for POMDPs with continuous state, action, and observation spaces},
  author={Sunberg, Zachary N and Kochenderfer, Mykel J},
  booktitle={Twenty-Eighth International Conference on Automated Planning and Scheduling},
  year={2018}
}

@article{tsiatis2004joint,
title={Joint modeling of longitudinal and time-to-event data: an overview},
author={Tsiatis, Anastasios A and Davidian, Marie},
journal={Statistica Sinica},
volume={14},
number={3},
pages={809--834},
year={2004},
publisher={Institute of Statistical Science, Academia Sinica}
}

@article{turnbull1976empirical,
  title={The empirical distribution function with arbitrarily grouped, censored and truncated data},
  author={Turnbull, Bruce W},
  journal={Journal of the Royal Statistical Society. Series B (Methodological)},
  volume={38},
  number={3},
  pages={290--295},
  year={1976},
  publisher={JSTOR}
}

@article{van2018toward,
  title={Toward personalized risk assessment in patients with chronic heart failure: detailed temporal patterns of {NT-proBNP, troponin T, and CRP in the Bio-SHiFT study}},
  author={van Boven, Nick and Battes, Linda C and Akkerhuis, K Martijn and Rizopoulos, Dimitris and Caliskan, Kadir and Anroedh, Sharda S and Yassi, Wisam and Manintveld, Olivier C and Cornel, Jan-Hein and Constantinescu, Alina A and others},
  journal={American Heart Journal},
  volume={196},
  pages={36--48},
  year={2018},
  publisher={Elsevier}
}

@article{vickers2006decision,
  title={Decision curve analysis: a novel method for evaluating prediction models},
  author={Vickers, Andrew J and Elkin, Elena B},
  journal={Medical Decision Making},
  volume={26},
  number={6},
  pages={565--574},
  year={2006},
  publisher={Sage Publications Sage CA: Thousand Oaks, CA}
}

@article{vickers2009psavelocity,
  title={Systematic review of pretreatment prostate-specific antigen velocity and doubling time as predictors for prostate cancer},
  author={Vickers, Andrew J and Savage, Caroline and O'Brien, M Frank and Lilja, Hans},
  journal={Journal of Clinical Oncology},
  volume={27},
  number={3},
  pages={398--403},
  year={2009},
  publisher={American Society of Clinical Oncology}
}

@article{wang2019learning,
  title={Learning-based biomarker-assisted rules for optimized clinical benefit under a risk-constraint},
  author={Wang, Yanqing and Zhao, Ying-Qi and Zheng, Yingye},
  journal={Biometrics},
  year={2019},
  pages={1--10},
  publisher={Wiley Online Library}
}

@book{world2014global,
  title={Global status report on noncommunicable diseases 2014},
  author={WHO, World Health Organization and others},
  number={WHO/NMH/NVI/15.1},
  year={2014},
  publisher={World Health Organization}
}

